<record><leader>00000cas a22000007a 4500</leader><controlfield tag="001">17766925</controlfield><controlfield tag="008">880411d18841884ohuir ne      0    0eng d</controlfield><datafield ind1=" " ind2=" " tag="010"><subfield code="a">sn 88078441 </subfield></datafield><datafield ind1=" " ind2=" " tag="040"><subfield code="a">ONP</subfield><subfield code="b">eng</subfield><subfield code="c">ONP</subfield><subfield code="d">OCLCQ</subfield></datafield><datafield ind1=" " ind2=" " tag="042"><subfield code="a">msc</subfield></datafield><datafield ind1="0" ind2="0" tag="245"><subfield code="a">Akron tri-weekly times.</subfield></datafield><datafield ind1=" " ind2=" " tag="260"><subfield code="a">Akron, Ohio :</subfield><subfield code="b">E.B. Eshelman,</subfield><subfield code="c">1884-</subfield></datafield><datafield ind1=" " ind2=" " tag="310"><subfield code="a">Triweekly</subfield></datafield><datafield ind1="0" ind2=" " tag="362"><subfield code="a">Vol. 1, no. 1 (Sept. 16, 1884)-</subfield></datafield><datafield ind1="1" ind2=" " tag="362"><subfield code="a">Ceased in Nov. 1884.</subfield></datafield><datafield ind1=" " ind2=" " tag="580"><subfield code="a">Weekly ed: Akron City times (Akron, Ohio : 1868).</subfield></datafield><datafield ind1=" " ind2=" " tag="752"><subfield code="a">United States</subfield><subfield code="b">Ohio</subfield><subfield code="c">Summit</subfield><subfield code="d">Akron.</subfield></datafield><datafield ind1="1" ind2=" " tag="775"><subfield code="t">Akron City times (Akron, Ohio : 1868)</subfield><subfield code="w">(DLC)sn 84028139</subfield></datafield></record>